% This file was created with JabRef 2.6.
% Encoding: UTF-8

@ARTICLE{Coello06a,
  author = {Carlos A. {Coello Coello}},
  title = {Evolutionary Multiobjective Optimization: A Historical View of the
	Field},
  journal = {IEEE Computational Intelligence Magazine},
  year = {2006},
  volume = {1},
  pages = {28--36},
  number = {1},
  month = {February}
}

@ARTICLE{Coello00f,
  author = {Carlos A. {Coello Coello}},
  title = {An {U}pdated {S}urvey of {GA}-{B}ased {M}ultiobjective {O}ptimization
	{T}echniques},
  journal = {ACM Computing Surveys},
  year = {2000},
  volume = {32},
  pages = {109--143},
  number = {2},
  month = {June}
}

@INCOLLECTION{recentemo,
  author = {Carlos A. Coello},
  title = {{Recent Trends in Evolutionary Multiobjective Optimization}},
  booktitle = {{Recent Trends in Evolutionary Multiobjective Optimization}},
  year = {2005},
  pages = {7--32},
  abstract = {{This chapter presents a brief review of some of the most relevant
	research currently taking place in evolutionary multiobjective optimization.
	The main topics covered include algorithms, applications, metrics,
	test functions, and theory. Some of the most promising future paths
	of research are also addressed.}},
  journal = {Evolutionary Multiobjective Optimization},
  publisher = {Springer-Verlag},
  posted-at = {2009-03-06 12:11:18},
  priority = {4}
}

@PROCEEDINGS{emo2005,
  title = {Evolutionary Multi-Criterion Optimization, Third International Conference,
	EMO 2005, Guanajuato, Mexico, March 9-11, 2005, Proceedings},
  year = {2005},
  volume = {3410},
  series = {Lecture Notes in Computer Science},
  publisher = {Springer},
  editor = {Carlos A. Coello Coello and Arturo Hernández Aguirre and Eckart Zitzler},
  bibsource = {DBLP, http://dblp.uni-trier.de},
  booktitle = {EMO},
  isbn = {3-540-24983-4}
}

@BOOK{CoelloCoello2007,
  title = {Evolutionary Algorithms for Solving Multi-Objective Problems},
  publisher = {Springer},
  year = {2007},
  author = {Carlos A. Coello Coello and G.L. Lamont and D.A. van Veldhuizen},
  series = {Genetic and Evolutionary Computation},
  address = {Berlin, Heidelberg},
  edition = {2nd},
  added-at = {2009-12-14T10:56:13.000+0100},
  biburl = {http://www.bibsonomy.org/bibtex/2069f53236f428965116e5b5017442b29/danfunky},
  interhash = {9e01931bd73c14005547b22cf888f33a},
  intrahash = {069f53236f428965116e5b5017442b29},
  keywords = {algorithms, evolutionary multi-objective, optimization},
  owner = {D047718},
  timestamp = {2009-12-14T10:56:13.000+0100},
  url = {http://books.google.com/books?id=rXIuAMw3lGAC}
}

@INCOLLECTION{EASMOP,
  author = {Carlos A. Coello Coello and Lamont, Gary B. and Veldhuizen, David
	A. Van},
  title = {MOEA Test Suites},
  booktitle = {Evolutionary Algorithms for Solving Multi-Objective Problems},
  publisher = {Springer US},
  year = {2007},
  series = {Genetic and Evolutionary Computation},
  pages = {175-232},
  isbn = {978-0-387-36797-2},
  keyword = {Computer Science},
  url = {http://dx.doi.org/10.1007/978-0-387-36797-2_4}
}

@INCOLLECTION{MEZURA,
  author = {Mezura-Montes, Efrén and Reyes-Sierra, Margarita and Coello, Carlos},
  title = {Multi-objective Optimization Using Differential Evolution: A Survey
	of the State-of-the-Art},
  booktitle = {Advances in Differential Evolution},
  publisher = {Springer Berlin / Heidelberg},
  year = {2008},
  editor = {Chakraborty, Uday},
  volume = {143},
  series = {Studies in Computational Intelligence},
  pages = {173-196},
  affiliation = {Laboratorio Nacional de Informática Avanzada (LANIA A.C.) Rébsamen
	80 Centro, Xalapa Veracruz 91000 Mexico},
  isbn = {978-3-540-68827-3},
  keyword = {Engineering},
  url = {http://dx.doi.org/10.1007/978-3-540-68830-3_7}
}

@INCOLLECTION{Pelikan,
  author = {Pelikan, Martin and Sastry, Kumara and Goldberg, David},
  title = {Multiobjective Estimation of Distribution Algorithms},
  booktitle = {Scalable Optimization via Probabilistic Modeling},
  publisher = {Springer Berlin / Heidelberg},
  year = {2006},
  editor = {Pelikan, Martin and Sastry, Kumara and Cantu Paz, Erick},
  volume = {33},
  series = {Studies in Computational Intelligence},
  pages = {223-248},
  affiliation = {University of Missouri at St. Louis, One University Blvd. St. Louis
	MO 63121 USA MO 63121 USA},
  isbn = {978-3-540-34953-2},
  keyword = {Engineering}
}

@INPROCEEDINGS{Thierens01multi-objectivemixture-based,
  author = {Dirk Thierens and Peter A.N. Bosman},
  title = {Multi-Objective Mixture-based Iterated Density Estimation Evolutionary
	Algorithms},
  booktitle = {in Proceedings of the Genetic and Evolutionary Computation Conference.
	San Francisco,California},
  year = {2001},
  pages = {663--670},
  publisher = {Morgan Kaufmann}
}

@comment{jabref-meta: selector_publisher:}

@comment{jabref-meta: selector_author:}

@comment{jabref-meta: selector_journal:}

@comment{jabref-meta: selector_keywords:}

